@article{alfuqaha2015,
    title={Internet of {Things}: {A} Survey on Enabling Technologies, Protocols and Applications},
    author={Al Fuqaha, A and Mohsen Guizani and Mehdi Mohammadi and Mohammed Aledhari and Moussa Ayyash},
    journal={IEEE},
    year={2015},
    volume=17,
    number=4,
    pages={2347--2376}
}

@article{ashrafi2018,
    title={Io{T} {Infrastructure}: {Fog} {Computing} Surpasses {Cloud} {Computing}. {Intelligent} {Communication} and {Computational} {Technologies}},
    author={Ashrafi, T. H. Hossain, M. A. Arefin, S. E. Das, K. D. Chakrabarty, A.},
    journal={Intelligent Communication and Computational Technologies},
    year={2018},
    volume=19,
    pages={43--55}
}

@article{borgia2014,
    title={The {Internet} of {Things} {vision}: {Key} features, applications and open issues},
    author={Borgia, E.},
    journal={Computer Communications},
    year={2014},
    volume=54,
    pages={1--31}
}

@article{ibrahim2015,
    title={The rise of “big data” on cloud computing: {Review} and open research issues},
    author={Ibrahim Abaker, T. H. and Ibrar, Y. and Nor Badrul, A. and Salimah, M. and Abdullah, G. and Samee Ullah, K.},
    journal={Information Systems},
    year={2015},
    volume=47,
    pages={98--115}
}

@article{li2018,
    title={5{G} {Internet} of {Things}: {A} Survey},
    author={Li, S. and Zhao, S. and Xu, L. D.},
    journal={Industrial Information Integration},
    year={2018}
}

@article{mahumd2018,
    title={{Cloud}-{Fog} {Interoperability} in {I}o{T}-enabled {Healthcare} {Solutions}},
    author={Mahmud, R. and Luiz Koch, F. and Buyya, R.},
    journal={ACM New York},
    year={2018}
}

@article{mugen2015,
    title={Fog {Computing} based {Radio} {Access} {Networks}: {Issues} and {Challenges}},
    author={Mugen Peng and Shi Yan and Kecheng Zhang and Chonggang Wang},
    journal={National Natural Science Foundation of China},
    year={2015}
}

@article{shanmugapriya2018,
    title={An {Incremental} {CFS} {Algortihm} for {Clustering} {Large} {Data} in {Industrial} {Internet} of {Things}},
    author={T. Shanmugapriya, M.E and Anbuselvi, A. and Thendral, A.},
    journal={CSE ULTRA College of Engineering \& Technology for Womena},
    year={2018}
}

@article{murazzo2017,
    title={Paralelismo {Híbrido} Aplicado a Soluciones de Problemas de Datos Masivos},
    author={Murazzo, M. A. and Piccoli, M. F. and Rodríguez, N. R. and Medel, D. and Mercado, J. and Sánchez, F. and Tello, M.},
    journal={Buenos Aires: XIX Workshop de Investigadores en Ciencias de la Computación},
    year={2017}
}

@article{patel2018,
    title={The {Interdependent} {Part} of {Cloud} {Computing}: {Dew} {Computing}},
    author={Patel, H. M. and Chaudhari, R. R. and Prajapati, K. R. and Patel, A. A. },
    journal={Intelligent Communication and Computational Technologies},
    year={2018}
}

@article{piccialli2018,
    title={Parallel {Approaches} for {Data} {Mining} in the {Internet} of {Things} {Realm}},
    author={Piccialli, F. and Cuomo, S. and Jeon, G.},
    journal={International Journal of Parallel Programming},
    year={2018}
}

@article{uehara2017,
    title={Mist {Computing}: {Linking} {Cloudlet} to {Fogs}},
    author={Uehara, M.},
    journal={Computational Science/Intelligence and Applied Informatics},
    volume=726,
    pages={201--213},
    year={2017}
}

@article{vyas2017,
    title={Io{T}: {Trends}, {Challenges} and {Future} {Scope}},
    author={Vyas, D. A. and Bhatt, D. and Jha, D.},
    journal={Computer Science \& Electronics Journals},
    volume=7,
    pages={186--197},
    year={2017}
}

@article{yi2015,
    title={A {Survey} of {Fog} {Computing}: Concepts, Applications and Issues},
    author={Yi, S. and Li, Q. and Li, C.},
    journal={Williamsburg: College of William and Mary},
    year={2015}
}

@article{yogi2017,
    title={Mist {Computing}: Principles, Trends and Future Direction},
    author={Yogi, M. K. and Chandrasekhar, K. and Kumar, G. V.},
    journal={SSRG International Journal of Computer Science and Engineering},
    volume=4,
    number=7,
    pages={19--21},
    year={2017}
}

@article{verma2015,
    title={An architecture for {Load} {Balancing} {Techniques} for {Fog} {Computing} {Environment}},
    author={Manisha Verma and Neelam Bhardawaj and Arun Kumar Yadav},
    journal={UPTU University Agra},
    volume=6,
    pages={269--274},
    year={2015}
}